<?xml version="1.0" encoding="UTF-8"?>
<record xmlns="http://www.loc.gov/MARC21/slim">
   <leader>00941cam a22002651a 4500</leader>
   <controlfield tag="001">3203262</controlfield>
   <controlfield tag="003">NjP</controlfield>
   <controlfield tag="005">20000703133012.0</controlfield>
   <controlfield tag="008">921019s1961    iq cf        f000 0 ara d</controlfield>
   <datafield tag="024" ind1="7" ind2=" ">
      <subfield code="a">princeton_aco004599</subfield>
      <subfield code="2">local</subfield>
   </datafield>
   <datafield ind1=" " ind2=" " tag="010">
      <subfield code="a">   62000842 </subfield>
   </datafield>
   <datafield ind1=" " ind2=" " tag="035">
      <subfield code="a">(MH)MHBEA91617HU</subfield>
   </datafield>
   <datafield ind1=" " ind2=" " tag="035">
      <subfield code="a">(OCoLC)26811904</subfield>
   </datafield>
   <datafield ind1=" " ind2=" " tag="035">
      <subfield code="a">(CStRLIN)MAHGBEA91617-B</subfield>
   </datafield>
   <datafield ind1=" " ind2=" " tag="035">
      <subfield code="a">58089</subfield>
   </datafield>
   <datafield ind1=" " ind2=" " tag="040">
      <subfield code="a">CSt</subfield>
      <subfield code="c">CSt</subfield>
      <subfield code="d">MH</subfield>
      <subfield code="d">CStRLIN</subfield>
      <subfield code="d">NjP</subfield>
   </datafield>
   <datafield ind1="1" ind2=" " tag="110">
      <subfield code="a">Iraq.</subfield>
      <subfield code="b">Ministry of Education.</subfield>
      <subfield code="b">Director of Public and School Libraries.</subfield>
   </datafield>
   <datafield ind1="1" ind2="3" tag="245">
      <subfield code="a">al-Khadamāt al-maktabīyah fī al-Jumhūrīyah al-ʻIrāqīyah /</subfield>
      <subfield code="c">iʻdād Nihād ʻAbd al-Majīd al-Nāṣirī.</subfield>
   </datafield>
   <datafield ind1="3" ind2="1" tag="246">
      <subfield code="a">Library services in the Republic of Iraq</subfield>
   </datafield>
   <datafield ind1=" " ind2=" " tag="250">
      <subfield code="a">al-Ṭabʻah 1.</subfield>
   </datafield>
   <datafield ind1=" " ind2=" " tag="260">
      <subfield code="a">Baghdad :</subfield>
      <subfield code="b">al-Jumhūrīyah al-ʻIrāqīyah, Wizārat al-Maʻārif,</subfield>
      <subfield code="c">1961.</subfield>
   </datafield>
   <datafield ind1=" " ind2=" " tag="300">
      <subfield code="a">56 p. :</subfield>
      <subfield code="b">ill. ;</subfield>
      <subfield code="c">24 cm.</subfield>
   </datafield>
   <datafield ind1=" " ind2=" " tag="500">
      <subfield code="a">Cover title.</subfield>
   </datafield>
   <datafield ind1="1" ind2=" " tag="700">
      <subfield code="a">Nāṣirī, Nuhād ʻAbd al-Majīd.</subfield>
   </datafield>
   <datafield ind1=" " ind2=" " tag="901">
      <subfield code="a">x</subfield>
   </datafield>
   <datafield ind1=" " ind2=" " tag="902">
      <subfield code="a">jab/con</subfield>
   </datafield>
   <datafield ind1="8" ind2=" " tag="852">
      <subfield code="0">6424457</subfield>
      <subfield code="b">rcppa</subfield>
      <subfield code="h">2272.7019.352</subfield>
      <subfield code="x">tr fr f</subfield>
   </datafield>
   <datafield ind1=" " ind2=" " tag="959">
      <subfield code="a">2011-03-02 16:30:10 -0500</subfield>
   </datafield>
</record>
